@inproceedings{PEG,
  title={Parsing Expression Grammars A Recognition-Based Syntactic Foundation},
  author={Bryan Ford},
  booktitle={Proc. of the 31st ACM SIGPLAN-SIGACT symposium on Principles of programming languages},
  year={2004}
}
